<?xml version="1.0" encoding="UTF-8"?><record xmlns="http://www.loc.gov/MARC21/slim" xmlns:cinclude="http://apache.org/cocoon/include/1.0" xmlns:zs="http://www.loc.gov/zing/srw/">
  <leader>00449nz  a2200133n  4500</leader>
  <controlfield tag="001">no2012048352</controlfield>
  <controlfield tag="003">DLC</controlfield>
  <controlfield tag="005">20120406075155.0</controlfield>
  <controlfield tag="008">120404n| acannaabn          |n aaa     c</controlfield>
  <datafield tag="010" ind1=" " ind2=" ">
    <subfield code="a">no2012048352</subfield>
  </datafield>
  <datafield tag="035" ind1=" " ind2=" ">
    <subfield code="a">(OCoLC)oca09162912</subfield>
  </datafield>
  <datafield tag="040" ind1=" " ind2=" ">
    <subfield code="a">KyLoU-Mu</subfield>
    <subfield code="b">eng</subfield>
    <subfield code="c">KyLoU-Mu</subfield>
  </datafield>
  <datafield tag="100" ind1="1" ind2=" ">
    <subfield code="a">Liang, Lei,</subfield>
    <subfield code="d">1972-</subfield>
    <subfield code="t">Tremors of a memory chord</subfield>
  </datafield>
  <datafield tag="670" ind1=" " ind2=" ">
    <subfield code="a">Liang, L. Tremors of a memory chord, c2011:</subfield>
    <subfield code="b">t.p. (Tremors of a memory chord : for piano and grand Chinese orchestra)</subfield>
  </datafield>
</record>